@Article {Liiv:2021,
  author =       {Toomas Liiv and Einar Lennelöv and Aron Norén},
  title =        {{[Re] A Reproduction of Ensemble Distribution Distillation}},
  journal =      {ReScience C},
  year =         {2021},
  month =        {5},
  volume =       {7},
  number =       {2},
  pages =        {{#10}},
  doi =          {10.5281/zenodo.4834516},
  url =          {https://zenodo.org/record/4834516/files/article.pdf},
  code_url =     {https://github.com/lennelov/endd-reproduce},
  code_doi =     {},
  code_swh =     {swh:1:dir:2c366708175b2ed7c83ce6b33a80dd43c8aad915},
  data_url =     {},
  data_doi =     {},
  review_url =   {https://openreview.net/forum?id=p1BXNUcTFsN},
  type =         {Replication},
  language =     {Python},
  domain =       {ML Reproducibility Challenge 2020},
  keywords =     {rescience c, rescience x, uncertainty estimation, ensemble distribution distillation, tensorflow}
}