@misc{deng_2016, 
      title={Deep learning: from speech recognition to language and multimodal processing}, 
      volume={5}, 
      DOI={10.1017/ATSIP.2015.22}, 
      journal={APSIPA Transactions on Signal and Information Processing}, 
      publisher={Cambridge University Press}, 
      author={Deng, Li}, 
      year={2016}, 
      pages={e1}
}

@misc{10.1007/978-3-030-11024-6_1,
      author="Leo, Marco
      and Furnari, Antonino
      and Medioni, Gerard G.
      and Trivedi, Mohan
      and Farinella, Giovanni M.",
      editor="Leal-Taix{\'e}, Laura
      and Roth, Stefan",
      title="Deep Learning for Assistive Computer Vision",
      booktitle="Computer Vision -- ECCV 2018 Workshops",
      year="2019",
      publisher="Springer International Publishing",
      address="Cham",
      pages="3--14",
      abstract="This paper revises the main advances in assistive computer vision recently fostered by deep learning. To this aim, we first discuss how the application of deep learning in computer vision has contributed to the development of assistive techinologies, then analyze the recent advances in assistive technologies achieved in five main areas, namely, object classification and localization, scene understanding, human pose estimation and tracking, action/event recognition and anticipation. The paper is concluded with a discussion and insights for future directions.",
      isbn="978-3-030-11024-6"
}

@misc{melis2017state,
      title={On the State of the Art of Evaluation in Neural Language Models}, 
      author={Gábor Melis and Chris Dyer and Phil Blunsom},
      year={2017},
      eprint={1707.05589},
      archivePrefix={arXiv},
      primaryClass={cs.CL}
}

@misc{ziyin2020neural,
      title={Neural Networks Fail to Learn Periodic Functions and How to Fix It}, 
      author={Liu Ziyin and Tilman Hartwig and Masahito Ueda},
      year={2020},
      eprint={2006.08195},
      archivePrefix={arXiv},
      primaryClass={cs.LG}
}

@misc{sitzmann2020implicit,
      title={Implicit Neural Representations with Periodic Activation Functions}, 
      author={Vincent Sitzmann and Julien N. P. Martel and Alexander W. Bergman and David B. Lindell and Gordon Wetzstein},
      year={2020},
      eprint={2006.09661},
      archivePrefix={arXiv},
      primaryClass={cs.CV}
}

@misc{newton1687philosophiae,
      title={Philosophiae naturalis principia mathematica},
      author={Newton, I. and Halley, E.},
      url={https://books.google.co.in/books?id=-3RXspUecy4C},
      year={1687},
      publisher={jussu Societatis regiae ac typis Josephi Streater. Prostant Venales apud Sam. Smith ad insignis principis Walliae in coemiterio D. Pauli, aliosq}
}

@misc{549236,
      author={ {Jung-Hua Wang} and  {Jia-Yann Leu}},
      booktitle={Proceedings of International Conference on Neural Networks (ICNN'96)}, 
      title={Stock market trend prediction using ARIMA-based neural networks}, 
      year={1996},
      volume={4},
      number={},
      pages={2160-2165 vol.4},
      doi={10.1109/ICNN.1996.549236}
}

@misc{Ramachandran2017SwishAS,
      title={Swish: a Self-Gated Activation Function},
      author={Prajit Ramachandran and Barret Zoph and Quoc V. Le},
      journal={arXiv: Neural and Evolutionary Computing},
      year={2017}
}

@misc{clevert2016fast,
      title={Fast and Accurate Deep Network Learning by Exponential Linear Units (ELUs)}, 
      author={Djork-Arné Clevert and Thomas Unterthiner and Sepp Hochreiter},
      year={2016},
      eprint={1511.07289},
      archivePrefix={arXiv},
      primaryClass={cs.LG}
}

@misc{DBLP:conf/icml/NairH10,
      author    = {Vinod Nair and
                  Geoffrey E. Hinton},
      editor    = {Johannes F{\"{u}}rnkranz and
                  Thorsten Joachims},
      title     = {Rectified Linear Units Improve Restricted Boltzmann Machines},
      booktitle = {Proceedings of the 27th International Conference on Machine Learning
                  (ICML-10), June 21-24, 2010, Haifa, Israel},
      pages     = {807--814},
      publisher = {Omnipress},
      year      = {2010},
      url       = {https://icml.cc/Conferences/2010/papers/432.pdf},
      timestamp = {Wed, 03 Apr 2019 17:43:37 +0200},
      biburl    = {https://dblp.org/rec/conf/icml/NairH10.bib},
      bibsource = {dblp computer science bibliography, https://dblp.org}
}

@misc{xu2015empirical,
      title={Empirical Evaluation of Rectified Activations in Convolutional Network}, 
      author={Bing Xu and Naiyan Wang and Tianqi Chen and Mu Li},
      year={2015},
      eprint={1505.00853},
      archivePrefix={arXiv},
      primaryClass={cs.LG}
}

@misc{fourier_one,
      author = {Silvescu, Adrian},
      year = {2000},
      month = {07},
      pages = {},
      title = {Fourier Neural Networks},
      journal = {Association for the Advancement of Artificial Intelligence}
}

@misc{zhumekenov2019fourier,
      title={Fourier Neural Networks: A Comparative Study}, 
      author={Abylay Zhumekenov and Malika Uteuliyeva and Olzhas Kabdolov and Rustem Takhanov and Zhenisbek Assylbekov and Alejandro J. Castro},
      year={2019},
      eprint={1902.03011},
      archivePrefix={arXiv},
      primaryClass={cs.NE}
}

@misc{7780459,
      author={K. {He} and X. {Zhang} and S. {Ren} and J. {Sun}},
      booktitle={2016 IEEE Conference on Computer Vision and Pattern Recognition (CVPR)}, 
      title={Deep Residual Learning for Image Recognition}, 
      year={2016},
      volume={},
      number={},
      pages={770-778},
      doi={10.1109/CVPR.2016.90}
}

@misc{ziyin2020laprop,
      title={LaProp: Separating Momentum and Adaptivity in Adam}, 
      author={Liu Ziyin and Zhikang T. Wang and Masahito Ueda},
      year={2020},
      eprint={2002.04839},
      archivePrefix={arXiv},
      primaryClass={cs.LG}
}

@misc{radford2016unsupervised,
      title={Unsupervised Representation Learning with Deep Convolutional Generative Adversarial Networks}, 
      author={Alec Radford and Luke Metz and Soumith Chintala},
      year={2016},
      eprint={1511.06434},
      archivePrefix={arXiv},
      primaryClass={cs.LG}
}

@misc{pascanu2013difficulty,
      title={On the difficulty of training Recurrent Neural Networks}, 
      author={Razvan Pascanu and Tomas Mikolov and Yoshua Bengio},
      year={2013},
      eprint={1211.5063},
      archivePrefix={arXiv},
      primaryClass={cs.LG}
}

@misc{Parascandolo2017TamingTW,
      title={Taming the waves: sine as activation function in deep neural networks},
      author={Giambattista Parascandolo and H. Huttunen and T. Virtanen},
      year={2017}
}