@Article {Mizrahi:2021,
  author =       {David Mizrahi and Oğuz Kaan Yüksel and Aiday Marlen Kyzy},
  title =        {{[Re] Can gradient clipping mitigate label noise?}},
  journal =      {ReScience C},
  year =         {2021},
  month =        {5},
  volume =       {7},
  number =       {2},
  pages =        {{#13}},
  doi =          {10.5281/zenodo.4834744},
  url =          {https://zenodo.org/record/4834744/files/article.pdf},
  code_url =     {https://github.com/dmizr/phuber},
  code_doi =     {},
  code_swh =     {swh:1:dir:3363073199859b8bec0c4362e47aa1e786985793},
  data_url =     {},
  data_doi =     {},
  review_url =   {https://openreview.net/forum?id=TM_SgwWJA23},
  type =         {Replication},
  language =     {Python},
  domain =       {ML Reproducibility Challenge 2020},
  keywords =     {rescience c, machine learning, deep learning, label noise, python, pytorch}
}