@Article {Arvind:2021,
  author =       {Mayur Arvind and Mustansir Mama},
  title =        {{[Re] Neural Networks Fail to Learn Periodic Functions and How to Fix It}},
  journal =      {ReScience C},
  year =         {2021},
  month =        {5},
  volume =       {7},
  number =       {2},
  pages =        {{#3}},
  doi =          {10.5281/zenodo.4833389},
  url =          {https://zenodo.org/record/4833389/files/article.pdf},
  code_url =     {https://github.com/mayurak47/Reproducibility_Challenge},
  code_doi =     {10.5281/zenodo.4696245},
  code_swh =     {swh:1:dir:8887a5d45dac9427457c6b5869728e1ba3cfd37c},
  data_url =     {},
  data_doi =     {},
  review_url =   {https://openreview.net/forum?id=ysFCiXtCOj},
  type =         {Replication},
  language =     {python},
  domain =       {ML Reproducibility Challenge 2020},
  keywords =     {periodic functions, activation, python}
}