@inproceedings{schneider2021re,
title={[Re] Satellite Image Time Series Classification with Pixel-Set Encoders and Temporal Self-Attention},
author={Maja Schneider and Marco K{\"o}rner},
booktitle={ML Reproducibility Challenge 2020},
year={2021},
url={https://openreview.net/forum?id=r87dMGuauCl}
}

@inproceedings{li2021reimplementation,
title={Reimplementation of FixMatch and Investigation on Noisy (Pseudo) Labels and Confirmation Errors of FixMatch},
author={Ci Li and Ruibo Tu and Hui Zhang},
booktitle={ML Reproducibility Challenge 2020},
year={2021},
url={https://openreview.net/forum?id=3VXeifKSaTE}
}

@inproceedings{sundar2021reproducibility,
title={[Reproducibility Report] Rigging the Lottery: Making All Tickets Winners},
author={Varun Sundar and Rajat Vadiraj Dwaraknath},
booktitle={ML Reproducibility Challenge 2020},
year={2021},
url={https://openreview.net/forum?id=riCIeP6LzEE}
}

@inproceedings{mizrahi2021re,
title={[Re] Can gradient clipping mitigate label noise?},
author={David Mizrahi and O{\u{g}}uz Kaan Y{\"u}ksel and Aiday Marlen Kyzy},
booktitle={ML Reproducibility Challenge 2020},
year={2021},
url={https://openreview.net/forum?id=TM_SgwWJA23}
}

@inproceedings{menon2021re,
title={Re Learning Memory Guided Normality for Anomaly Detection},
author={Varun Menon and Kevin Stephen},
booktitle={ML Reproducibility Challenge 2020},
year={2021},
url={https://openreview.net/forum?id=vvLWTXkJ2Zv}
}

@inproceedings{mentes2021re,
title={[Re] Spatial-Adaptive Network for Single Image Denoising},
author={Sami Mente{\c{s}} and Furkan K{\i}nl{\i} and Bar{\i}{\c{s}} {\"O}zcan and Furkan K{\i}ra{\c{c}}},
booktitle={ML Reproducibility Challenge 2020},
year={2021},
url={https://openreview.net/forum?id=yiAI9QN9nYt}
}

@inproceedings{baanders2021reproducibility,
title={Reproducibility Report: Deep Fair Clustering for Visual Learning},
author={Pauline Baanders and Chris Al Gerges and Nienke Reints and Tobias Teule},
booktitle={ML Reproducibility Challenge 2020},
year={2021},
url={https://openreview.net/forum?id=DXVAJGohUKs}
}

@inproceedings{holdijk2021re,
title={[Re] Parameterized Explainer for Graph Neural Network},
author={Lars Holdijk and Maarten Boon and Stijn Henckens and Lysander de Jong},
booktitle={ML Reproducibility Challenge 2020},
year={2021},
url={https://openreview.net/forum?id=8JHrucviUf}
}

@inproceedings{kim2021re,
title={[Re] Don't Judge an Object by Its Context: Learning to Overcome Contextual Bias},
author={Sunnie S. Y. Kim and Sharon Zhang and Nicole Meister and Olga Russakovsky},
booktitle={ML Reproducibility Challenge 2020},
year={2021},
url={https://openreview.net/forum?id=PRXM8-O9PKd}
}

@inproceedings{rijsdijk2021reproducing,
title={Reproducing ''Identifying through flows for recovering latent representations''},
author={Geerten Rijsdijk and Bart de Rooij and Wouter Zwerink and Hidde Lekanne gezegd Deprez},
booktitle={ML Reproducibility Challenge 2020},
year={2021},
url={https://openreview.net/forum?id=8jmIpypMzE}
}

@inproceedings{mohtashami2021reproducibility,
title={Reproducibility Report for ''On Warm-Starting Neural Network Training''},
author={Amirkeivan Mohtashami and Ehsan Pajouheshgar and Klim Kireev},
booktitle={ML Reproducibility Challenge 2020},
year={2021},
url={https://openreview.net/forum?id=N43DVxrjCw}
}

@inproceedings{verhoef2021reproducibility,
title={Reproducibility study - Does enforcing diversity in hidden states of {LSTM}-Attention models improve transparency?},
author={Frank Verhoef and Pieter Bouwman and Yun Li and Rogier van der Weerd},
booktitle={ML Reproducibility Challenge 2020},
year={2021},
url={https://openreview.net/forum?id=lE0wqKGROKa}
}

@inproceedings{harrison2021learning,
title={Learning to Deceive With Attention-Based Explanations},
author={Andrew Harrison and Rahel Habacker and Ard Snijders and Mathias Parisot},
booktitle={ML Reproducibility Challenge 2020},
year={2021},
url={https://openreview.net/forum?id=-rn9m0Gt6AQ}
}

@inproceedings{arvind2021reproducibility,
title={Reproducibility Report: Neural Networks Fail to Learn Periodic Functions and How to Fix It},
author={Mayur Arvind and Mustansir Mama},
booktitle={ML Reproducibility Challenge 2020},
year={2021},
url={https://openreview.net/forum?id=ysFCiXtCOj}
}

@inproceedings{verma2021explaining,
title={Explaining Low Dimensional Representation, a reproduction},
author={Rajeev Verma and Jim Wagemans and Paras Dahal and Auke Elfrink},
booktitle={ML Reproducibility Challenge 2020},
year={2021},
url={https://openreview.net/forum?id=cqAHExg2f}
}

@inproceedings{sheverdin2021reproducibility,
title={Reproducibility report for ''Interpretable Complex-Valued Neural Networks for Privacy Protection''},
author={Arsen Sheverdin and Noud Corten and Alko Knijff and Georg Lange},
booktitle={ML Reproducibility Challenge 2020},
year={2021},
url={https://openreview.net/forum?id=P30M7d9DyXw}
}

@inproceedings{verhoeven2021replication,
title={Replication Study of {\textquotedblleft}Generative Causal Explanations of Black-Box classifiers{\textquotedblright}},
author={Ivo Verhoeven and Xinyi Chen and Qingzhi Hu and Mario Holubar},
booktitle={ML Reproducibility Challenge 2020},
year={2021},
url={https://openreview.net/forum?id=Vqtf4kZg2j}
}

@inproceedings{garg2021re,
title={[Re:] Training Binary Neural Networks using the Bayesian Learning Rule},
author={Prateek Garg and Lakshya Singhal and Ashish Sardana},
booktitle={ML Reproducibility Challenge 2020},
year={2021},
url={https://openreview.net/forum?id=bhiGno-Cxq}
}

@inproceedings{albanis2021on,
title={On end-to-end 6{DOF} object pose estimation and robustness to object scale},
author={Georgios Nikolaos Albanis and Nikolaos Zioulis and Anargyros Chatzitofis and Anastasios Dimou and Dimitrios Zarpalas and Petros Daras},
booktitle={ML Reproducibility Challenge 2020},
year={2021},
url={https://openreview.net/forum?id=PCpGvUrwfQB}
}

@inproceedings{liiv2021a,
title={A Reproduction of Ensemble Distribution Distillation},
author={Toomas Liiv and Einar Lennel{\"o}v and Aron Noren},
booktitle={ML Reproducibility Challenge 2020},
year={2021},
url={https://openreview.net/forum?id=p1BXNUcTFsN}
}

@inproceedings{rodas2021rehamiltonian,
title={Re-Hamiltonian Generative Networks},
author={Carles Balsells Rodas and Oleguer Canal and Federico Taschin},
booktitle={ML Reproducibility Challenge 2020},
year={2021},
url={https://openreview.net/forum?id=Zszk4rXgesL}
}

@inproceedings{p2021embedkgqa,
title={Embed{KGQA}: Improving Multi-hop Question Answering over Knowledge Graphs using Knowledge Base Embeddings},
author={Jishnu Jaykumar P and Ashish Sardana},
booktitle={ML Reproducibility Challenge 2020},
year={2021},
url={https://openreview.net/forum?id=VFAwCMdWY7}
}

@inproceedings{reijnaers2021re,
title={[Re] Explaining Groups of Points in Low-Dimensional Representations},
author={Damiaan Reijnaers and Dani{\"e}l van de Pavert and Giguru Scheuer and Liang Huang},
booktitle={ML Reproducibility Challenge 2020},
year={2021},
url={https://openreview.net/forum?id=hq3TxQK5cox}
}
