@Article {Sundar:2021,
  author =       {Varun Sundar and Rajat Vadiraj Dwaraknath},
  title =        {{[Re] Rigging the Lottery: Making All Tickets Winners}},
  journal =      {ReScience C},
  year =         {2021},
  month =        {5},
  volume =       {7},
  number =       {2},
  pages =        {{#21}},
  doi =          {10.5281/zenodo.4835564},
  url =          {https://zenodo.org/record/4835564/files/article.pdf},
  code_url =     {https://github.com/varun19299/rigl-reproducibility},
  code_doi =     {},
  code_swh =     {swh:1:dir:0707870fafa16ef60dc64071e1aed482e373e75f},
  data_url =     {},
  data_doi =     {},
  review_url =   {https://openreview.net/forum?id=riCIeP6LzEE},
  type =         {Replication},
  language =     {Python},
  domain =       {ML Reproducibility Challenge 2020},
  keywords =     {rescience c, rescience x, python, pytorch, sparse-networks}
}