@Article {Schneider:2021,
  author =       {Maja Schneider and Marco KÃ¶rner},
  title =        {{[Re] Satellite Image Time Series Classification with Pixel-Set Encoders and Temporal Self-Attention}},
  journal =      {ReScience C},
  year =         {2021},
  month =        {5},
  volume =       {7},
  number =       {2},
  pages =        {{#19}},
  doi =          {10.5281/zenodo.4835356},
  url =          {https://zenodo.org/record/4835356/files/article.pdf},
  code_url =     {https://github.com/maja601/pytorch-psetae},
  code_doi =     {},
  code_swh =     {swh:1:dir:631305811058b775406ae624095e3ec66ace6437},
  data_url =     {http://www.eurocrops.tum.de/},
  data_doi =     {},
  review_url =   {},
  type =         {Replication},
  language =     {python},
  domain =       {ML Reproducibility Challenge 2020},
  keywords =     {rescience c, rescience x, python, transformer, self-attention, time series, crop classification, earth observation}
}