@Article {Holdijk:2021,
  author =       {Lars Holdijk and Maarten Boon and Stijn Henckens and Lysander de Jong},
  title =        {{[Re] Parameterized Explainer for Graph Neural Network}},
  journal =      {ReScience C},
  year =         {2021},
  month =        {5},
  volume =       {7},
  number =       {2},
  pages =        {{#7}},
  doi =          {10.5281/zenodo.4834242},
  url =          {https://zenodo.org/record/4834242/files/article.pdf},
  code_url =     {https://github.com/LarsHoldijk/RE-ParameterizedExplainerForGraphNeuralNetworks},
  code_doi =     {},
  code_swh =     {swh:1:dir:541677177d4dbb9dc5b612dfc41373fad40b08f0},
  data_url =     {},
  data_doi =     {},
  review_url =   {https://openreview.net/forum?id=8JHrucviUf},
  type =         {Replication},
  language =     {English},
  domain =       {ML Reproducibility Challenge 2020},
  keywords =     {rescience c, rescience x}
}