@Article {Kim:2021,
  author =       {Sunnie S. Y. Kim and Sharon Zhang and Nicole Meister and Olga Russakovsky},
  title =        {{[Re] Don't Judge an Object by Its Context: Learning to Overcome Contextual Bias}},
  journal =      {ReScience C},
  year =         {2021},
  month =        {5},
  volume =       {7},
  number =       {2},
  pages =        {{#8}},
  doi =          {10.5281/zenodo.4834352},
  url =          {https://zenodo.org/record/4834352/files/article.pdf},
  code_url =     {https://github.com/princetonvisualai/ContextualBias},
  code_doi =     {},
  code_swh =     {swh:1:dir:bc41dd1d3cbd9c97754c3da0ee20ba2273b742fd},
  data_url =     {},
  data_doi =     {},
  review_url =   {https://openreview.net/forum?id=PRXM8-O9PKd},
  type =         {Replication},
  language =     {Python},
  domain =       {ML Reproducibility Challenge 2020},
  keywords =     {rescience c, rescience x}
}