@Article {Sheverdin:2021,
  author =       {Arsen Sheverdin and Alko Knijff and Noud Corten and Georg Lange},
  title =        {{[Re] Reproducibility report of "Interpretable Complex-Valued Neural Networks for Privacy Protection"}},
  journal =      {ReScience C},
  year =         {2021},
  month =        {5},
  volume =       {7},
  number =       {2},
  pages =        {{#20}},
  doi =          {10.5281/zenodo.4835431},
  url =          {https://zenodo.org/record/4835431/files/article.pdf},
  code_url =     {https://github.com/GANA-FACT-AI/gana-fact-ai},
  code_doi =     {},
  code_swh =     {swh:1:dir:16f75580c3619b9e0b00b6dceef8e5bf2f5a47c4},
  data_url =     {},
  data_doi =     {},
  review_url =   {https://openreview.net/forum?id=P30M7d9DyXw},
  type =         {Replication},
  language =     {Python},
  domain =       {ML Reproducibility Challenge 2020},
  keywords =     {rescience c, rescience x, machine, learning, deep, complex, valued, neural, network, python, pytorch}
}