@Article {Reijnaers:2021,
  author =       {Damiaan J. W. Reijnaers and DaniÃ«l B. van de Pavert and Giguru Scheuer and Liang Huang},
  title =        {{[Re] Explaining Groups of Points in Low-Dimensional Representations}},
  journal =      {ReScience C},
  year =         {2021},
  month =        {5},
  volume =       {7},
  number =       {2},
  pages =        {{#16}},
  doi =          {10.5281/zenodo.4835056},
  url =          {https://zenodo.org/record/4835056/files/article.pdf},
  code_url =     {https://github.com/damiaanr/fact-ai},
  code_doi =     {10.5281/zenodo.4686025},
  code_swh =     {swh:1:dir:df71f3541f882bfb2474dc177b8eaba31f905d9d},
  data_url =     {},
  data_doi =     {},
  review_url =   {https://openreview.net/forum?id=hq3TxQK5cox},
  type =         {Replication},
  language =     {Python},
  domain =       {ML Reproducibility Challenge 2020},
  keywords =     {rescience c, rescience x, python, counterfactual explanations, transitive global translations, dimensionality reduction, explainable artificial intelligence}
}