@Article {Kireev:2021,
  author =       {Klim Kireev and Amirkeivan Mohtashami and Ehsan Pajouheshgar},
  title =        {{[Re] Warm-Starting Neural Network Training}},
  journal =      {ReScience C},
  year =         {2021},
  month =        {5},
  volume =       {7},
  number =       {2},
  pages =        {{#14}},
  doi =          {10.5281/zenodo.4834856},
  url =          {https://zenodo.org/record/4834856/files/article.pdf},
  code_url =     {https://github.com/CS-433/cs-433-project-2-fesenjoon},
  code_doi =     {},
  code_swh =     {swh:1:dir:a7205bcd48196c1391d8c56414a1e20c39b52aa7},
  data_url =     {},
  data_doi =     {},
  review_url =   {https://openreview.net/forum?id=N43DVxrjCw},
  type =         {Replication},
  language =     {python},
  domain =       {ML Reproducibility Challenge 2020},
  keywords =     {warm-starting, generalization, deep learning}
}