@Article {Verma:2021,
  author =       {Rajeev Verma and Jim J. O. Wagemans and Paras Dahal and Auke Elfrink},
  title =        {{[Re] Explaining Groups of Points in Low-Dimensional Representations}},
  journal =      {ReScience C},
  year =         {2021},
  month =        {5},
  volume =       {7},
  number =       {2},
  pages =        {{#24}},
  doi =          {10.5281/zenodo.4835602},
  url =          {https://zenodo.org/record/4835602/files/article.pdf},
  code_url =     {https://github.com/elfrink1/FACT},
  code_doi =     {},
  code_swh =     {swh:1:dir:445130f59283e6dce7df5eb72dd346a5c57c9230},
  data_url =     {},
  data_doi =     {},
  review_url =   {https://openreview.net/forum?id=cqAHExg2f},
  type =         {Replication},
  language =     {Python},
  domain =       {ML Reproducibility Challenge 2020},
  keywords =     {rescience c, rescience x}
}