@Article {Stephen:2021,
  author =       {Kevin Stephen and Varun Menon},
  title =        {{[Re] Learning Memory Guided Normality for Anomaly Detection}},
  journal =      {ReScience C},
  year =         {2021},
  month =        {5},
  volume =       {7},
  number =       {2},
  pages =        {{#11}},
  doi =          {10.5281/zenodo.4834610},
  url =          {https://zenodo.org/record/4834610/files/article.pdf},
  code_url =     {https:/github.com/alchemi5t/MNADrc},
  code_doi =     {10.5281/zenodo.4681515},
  code_swh =     {1:dir:120b52bc3dfe115b3329698a39ea71c7cd5862d1},
  data_url =     {},
  data_doi =     {},
  review_url =   {https://openreview.net/forum?id=vvLWTXkJ2Zv},
  type =         {Replication},
  language =     {Python},
  domain =       {ML Reproducibility Challenge 2020},
  keywords =     {rescience c, rescience x}
}