@Article {P:2021,
  author =       {Jishnu Jaykumar P and Ashish Sardana},
  title =        {{[Re] Improving Multi-hop Question Answering over Knowledge Graphs using Knowledge Base Embeddings}},
  journal =      {ReScience C},
  year =         {2021},
  month =        {5},
  volume =       {7},
  number =       {2},
  pages =        {{#15}},
  doi =          {10.5281/zenodo.4834942},
  url =          {https://zenodo.org/record/4834942/files/article.pdf},
  code_url =     {https://github.com/jishnujayakumar/MLRC2020-EmbedKGQA},
  code_doi =     {},
  code_swh =     {swh:1:dir:c95bc4fec7023c258c7190975279b5baf6ef6725},
  data_url =     {},
  data_doi =     {},
  review_url =   {https://openreview.net/forum?id=VFAwCMdWY7},
  type =         {Replication},
  language =     {Python},
  domain =       {ML Reproducibility Challenge 2020},
  keywords =     {knowledge graph, embeddings, multi-hop, question-answering, deep learning}
}