@incollection{hinton2015distilling,
      title={Distilling the Knowledge in a Neural Network}, 
      author={Geoffrey Hinton and Oriol Vinyals and Jeff Dean},
      maintitle = {NIPS Deep Learning and Representation Learning Workshop},
      year={2015},
}
@incollection{NIPS2018_7936,
title = {Predictive Uncertainty Estimation via Prior Networks},
author = {Malinin, Andrey and Gales, Mark},
booktitle = {Advances in Neural Information Processing Systems 31},
year = {2018}
}

@incollection{Lakshminarayanan2017,
title = {Simple and Scalable Predictive Uncertainty Estimation using Deep Ensembles},
author = {Lakshminarayanan, Balaji and Pritzel, Alexander and Blundell, Charles},
booktitle = {Advances in Neural Information Processing Systems 30},
year = {2017},
}

@inproceedings{engelsson:2019,
  author    = {Erik Englesson and Hossein Azizpour},
  title     = {{Efficient evaluation-time uncertainty estimation by improved
distillation}},
  year      = {2016},
  maintitle = {International Conference on Machine Learning (ICML)},
  booktitle = {2019 Workshop on Uncertainty and Robustness in Deep Learning},
}
@article{Li2020ImprovingCE,
  title={Improving Confidence Estimates for Unfamiliar Examples},
  author={Zhizhong Li and Derek Hoiem},
  journal={2020 IEEE/CVF Conference on Computer Vision and Pattern Recognition (CVPR)},
  year={2020}
}
@misc{tran2020hydra,
      title={Hydra: Preserving Ensemble Diversity for Model Distillation}, 
      author={Linh Tran and Bastiaan S. Veeling and Kevin Roth and Jakub Swiatkowski and Joshua V. Dillon and Jasper Snoek and Stephan Mandt and Tim Salimans and Sebastian Nowozin and Rodolphe Jenatton},
      year={2020},
      eprint={2001.04694},
      archivePrefix={arXiv},
      primaryClass={cs.LG}
}
@Misc{PhanBuuTruong2019,
author={{Phan Buu Truong}},
title={Bayesian Deep Learning and Uncertainty in Computer Vision},
year={2019},
publisher={University of Waterloo, Master thesis},
url={http://hdl.handle.net/10012/15056}
}
@misc{cui2019accelerating,
      title={Accelerating Monte Carlo Bayesian Inference via Approximating Predictive Uncertainty over Simplex}, 
      author={Yufei Cui and Wuguannan Yao and Qiao Li and Antoni B. Chan and Chun Jason Xue},
      year={2019},
      eprint={1905.12194},
      archivePrefix={arXiv},
      primaryClass={cs.LG}
}
@inproceedings{malinin2019ensemble,
      title={Ensemble Distribution Distillation}, 
      author={Andrey Malinin and Bruno Mlodozeniec and Mark Gales},
      year={2020},
      maintitle = {International Conference on Learning Representations (ICLR)}
}

@INPROCEEDINGS{lindqvist2020general,
  author={J. {Lindqvist} and A. {Olmin} and F. {Lindsten} and L. {Svensson}},
  booktitle={2020 IEEE 30th International Workshop on Machine Learning for Signal Processing (MLSP)}, 
  title={A General Framework for Ensemble Distribution Distillation}, 
  year={2020},
  volume={},
  number={}
  }

@misc{malinin2020regression,
      title={Regression Prior Networks}, 
      author={Andrey Malinin and Sergey Chervontsev and Ivan Provilkov and Mark Gales},
      year={2020},
      eprint={2006.11590},
      archivePrefix={arXiv},
      primaryClass={cs.LG}
}
@inproceedings{Charpentier2020PosteriorNU,
  title={Posterior Network: Uncertainty Estimation without OOD Samples via Density-Based Pseudo-Counts},
  author={B. Charpentier and Daniel Z{\"u}gner and Stephan G{\"u}nnemann},
  booktitle = {Advances in Neural Information Processing Systems 33},
  year={2020},
}

@article{LSUN,
  author    = {Fisher Yu and
               Yinda Zhang and
               Shuran Song and
               Ari Seff and
               Jianxiong Xiao},
  title     = {{LSUN:} Construction of a Large-scale Image Dataset using Deep Learning
               with Humans in the Loop},
  journal   = {CoRR},
  volume    = {abs/1506.03365},
  year      = {2015},
  url       = {http://arxiv.org/abs/1506.03365},
  archivePrefix = {arXiv},
  eprint    = {1506.03365},
  timestamp = {Mon, 13 Aug 2018 16:48:34 +0200},
  biburl    = {https://dblp.org/rec/journals/corr/YuZSSX15.bib},
  bibsource = {dblp computer science bibliography, https://dblp.org}
}


@inproceedings{VGG,
      title={Very Deep Convolutional Networks for Large-Scale Image Recognition}, 
      author={Simonyan, Karen and Zisserman, Andrew},
      year={2014},
      maintitle = {International Conference on Learning Representations (ICLR)}
}

@article{CIFAR,
author = {Krizhevsky, Alex},
year = {2012},
month = {05},
pages = {},
title = {Learning Multiple Layers of Features from Tiny Images},
journal = {University of Toronto}
}
