@Article {Li:2021,
  author =       {Ci Li and Ruibo Tu and Hui Zhang},
  title =        {{[Re] Reimplementation of FixMatch and Investigation on Noisy (Pseudo) Labels and Confirmation Errors of FixMatch}},
  journal =      {ReScience C},
  year =         {2021},
  month =        {5},
  volume =       {7},
  number =       {2},
  pages =        {{#9}},
  doi =          {10.5281/zenodo.4834442},
  url =          {https://zenodo.org/record/4834442/files/article.pdf},
  code_url =     {https://github.com/Celiali/FixMatch.git},
  code_doi =     {},
  code_swh =     {swh:1:dir:6c3389cac6218bdd28599fea638c6c5def256081},
  data_url =     {},
  data_doi =     {},
  review_url =   {https://openreview.net/forum?id=3VXeifKSaTE},
  type =         {Replication},
  language =     {Python},
  domain =       {ML Reproducibility Challenge 2020},
  keywords =     {rescience c, rescience x}
}