@Article {Garg:2021,
  author =       {Prateek Garg and Lakshya Singhal and Ashish Sardana},
  title =        {{[Re] Training Binary Neural Networks using the Bayesian Learning Rule}},
  journal =      {ReScience C},
  year =         {2021},
  month =        {5},
  volume =       {7},
  number =       {2},
  pages =        {{#5}},
  doi =          {10.5281/zenodo.4833681},
  url =          {https://zenodo.org/record/4833681/files/article.pdf},
  code_url =     {https://github.com/prateekstark/training-binary-neural-network},
  code_doi =     {10.5281/zenodo.4716863},
  code_swh =     {swh:1:dir:904c01b8e4ac0d4acd1f5fe667511d5a9234d8da},
  data_url =     {},
  data_doi =     {},
  review_url =   {https://openreview.net/forum?id=bhiGno-Cxq},
  type =         {Replication},
  language =     {Python},
  domain =       {ML Reproducibility Challenge 2020},
  keywords =     {rescience c, machine learning, deep learning, binary neural network, python, pytorch}
}