@Article {Mentes:2021,
  author =       {Sami Menteş and Furkan Kınlı and Barış Özcan and Furkan Kıraç},
  title =        {{[Re] Spatial-Adaptive Network for Single Image Denoising}},
  journal =      {ReScience C},
  year =         {2021},
  month =        {5},
  volume =       {7},
  number =       {2},
  pages =        {{#12}},
  doi =          {10.5281/zenodo.4834672},
  url =          {https://zenodo.org/record/4834672/files/article.pdf},
  code_url =     {https://github.com/sami-automatic/SADNet_Replication},
  code_doi =     {},
  code_swh =     {swh:1:dir:1c60d43a0fe927c1f1287adefd252804c2f273b9},
  data_url =     {},
  data_doi =     {},
  review_url =   {https://openreview.net/forum?id=yiAI9QN9nYt&noteId=SMFjCY6qG8},
  type =         {Replication},
  language =     {Python},
  domain =       {ML Reproducibility Challenge 2020},
  keywords =     {image denoising, image restoration, image processing}
}