@Article {Verhoeven:2021,
  author =       {Ivo Verhoeven and Xinyi Chen and Qingzhi Hu and Mario Holubar},
  title =        {{[Re] Replication Study of 'Generative causal explanations of black-box classifiers'}},
  journal =      {ReScience C},
  year =         {2021},
  month =        {5},
  volume =       {7},
  number =       {2},
  pages =        {{#23}},
  doi =          {10.5281/zenodo.4835600},
  url =          {https://zenodo.org/record/4835600/files/article.pdf},
  code_url =     {https://github.com/shin-ee-chen/UvA_FACT_2021},
  code_doi =     {},
  code_swh =     {swh:1:dir:9d960937f2b11bb67b53bbe4eaa940c14cadf9d1},
  data_url =     {},
  data_doi =     {},
  review_url =   {https://openreview.net/forum?id=Vqtf4kZg2j},
  type =         {Replication},
  language =     {python},
  domain =       {ML Reproducibility Challenge 2020},
  keywords =     {rescience c, rescience x, python, causal explanations, variational  autoencoders,  explainable  artificial  intelligence, post-hoc explanation}
}