@inproceedings{chen2020end,
  title={End-to-End Learnable Geometric Vision by Backpropagating PnP Optimization},
  author={Chen, Bo and Parra, Alvaro and Cao, Jiewei and Li, Nan and Chin, Tat-Jun},
  booktitle={Proceedings of the IEEE/CVF Conference on Computer Vision and Pattern Recognition},
  pages={8100--8109},
  year={2020}
}
%higher
@inproceedings{cheng2020higherhrnet,
  title={HigherHRNet: Scale-Aware Representation Learning for Bottom-Up Human Pose Estimation},
  author={Cheng, Bowen and Xiao, Bin and Wang, Jingdong and Shi, Honghui and Huang, Thomas S and Zhang, Lei},
  booktitle={Proceedings of the IEEE/CVF Conference on Computer Vision and Pattern Recognition},
  pages={5386--5395},
  year={2020}
}
%UAVA
@inproceedings{albanis2020dronepose,
  title={DronePose: Photorealistic UAV-Assistant Dataset Synthesis for 3D Pose Estimation via a Smooth Silhouette Loss},
  author={Albanis, Georgios and Zioulis, Nikolaos and Dimou, Anastasios and Zarpalas, Dimitrios and Daras, Petros},
  booktitle={European Conference on Computer Vision},
  pages={663--681},
  year={2020},
  organization={Springer}
}
%direct vs indirect pose
@inproceedings{sattler2019understanding,
  title={Understanding the limitations of cnn-based absolute camera pose regression},
  author={Sattler, Torsten and Zhou, Qunjie and Pollefeys, Marc and Leal-Taixe, Laura},
  booktitle={Proceedings of the IEEE/CVF Conference on Computer Vision and Pattern Recognition},
  pages={3302--3312},
  year={2019}
}
%hrnet
@inproceedings{sun2019deep,
  title={Deep high-resolution representation learning for human pose estimation},
  author={Sun, Ke and Xiao, Bin and Liu, Dong and Wang, Jingdong},
  booktitle={Proceedings of the IEEE/CVF Conference on Computer Vision and Pattern Recognition},
  pages={5693--5703},
  year={2019}
}

%hourglass
@inproceedings{newell2016stacked,
  title={Stacked hourglass networks for human pose estimation},
  author={Newell, Alejandro and Yang, Kaiyu and Deng, Jia},
  booktitle={European conference on computer vision},
  pages={483--499},
  year={2016},
  organization={Springer}
}

%epnp
@article{lepetit2009epnp,
  title={Epnp: An accurate o (n) solution to the pnp problem},
  author={Lepetit, Vincent and Moreno-Noguer, Francesc and Fua, Pascal},
  journal={International journal of computer vision},
  volume={81},
  number={2},
  pages={155},
  year={2009},
  publisher={Springer}
}
%pytorch3d
@article{ravi2020pytorch3d,
    author = {Nikhila Ravi and Jeremy Reizenstein and David Novotny and Taylor Gordon
                  and Wan-Yen Lo and Justin Johnson and Georgia Gkioxari},
    title = {Accelerating 3D Deep Learning with PyTorch3D},
    journal = {arXiv:2007.08501},
    year = {2020},
}
%moai
@misc{moai,
    title = {{\textit{moai}: Accelerating modern data-driven workflows}},
    publisher = {GitHub},
    journal = {GitHub repository},
    howpublished = {\url{https://github.com/ai-in-motion/moai}},
    year = {2021},
}