@Article {Habacker:2021,
  author =       {Rahel Habacker and Andrew Harrison and Mathias Parisot and Ard Snijders},
  title =        {{[Re] Reproducing Learning to Deceive With Attention-Based Explanations}},
  journal =      {ReScience C},
  year =         {2021},
  month =        {5},
  volume =       {7},
  number =       {2},
  pages =        {{#6}},
  doi =          {10.5281/zenodo.4834146},
  url =          {https://zenodo.org/record/4834146/files/article.pdf},
  code_url =     {https://github.com/MatPrst/deceptive-attention-reproduced},
  code_doi =     {10.5281/zenodo.4692668},
  code_swh =     {},
  data_url =     {https://github.com/MatPrst/deceptive-attention-reproduced/tree/main/deceptive-attention/src/classification/data},
  data_doi =     {10.5281/zenodo.4686793},
  review_url =   {https://openreview.net/forum?id=-rn9m0Gt6AQ},
  type =         {Replication},
  language =     {Python 3},
  domain =       {ML Reproducibility Challenge 2020},
  keywords =     {rescience c, rescience x, Python}
}