@Article {Teule:2021,
  author =       {Tobias Teule and Nienke Reints and Chris Al Gerges and Pauline Baanders},
  title =        {{[Re] Deep Fair Clustering for Visual Learning}},
  journal =      {ReScience C},
  year =         {2021},
  month =        {5},
  volume =       {7},
  number =       {2},
  pages =        {{#4}},
  doi =          {10.5281/zenodo.4833547},
  url =          {https://zenodo.org/record/4833547/files/article.pdf},
  code_url =     {https://github.com/topteulen/UVA-FACT},
  code_doi =     {},
  code_swh =     {swh:1:dir:7058002f161d29f18e52a18ebe326b7911b1b616;},
  data_url =     {},
  data_doi =     {},
  review_url =   {https://openreview.net/forum?id=DXVAJGohUKs},
  type =         {Replication},
  language =     {python},
  domain =       {ML Reproducibility Challenge 2020},
  keywords =     {rescience c, rescience x,python, Deep clustering}
}