@Article {Balsells Rodas:2021,
  author =       {Balsells Rodas, Carles and Canal Anton, Oleguer and Taschin, Federico},
  title =        {{[Re] Hamiltonian Generative Networks}},
  journal =      {ReScience C},
  year =         {2021},
  month =        {5},
  volume =       {7},
  number =       {2},
  pages =        {{#18}},
  doi =          {10.5281/zenodo.4835278},
  url =          {https://zenodo.org/record/4835278/files/article.pdf},
  code_url =     {https://github.com/CampusAI/Hamiltonian-Generative-Networks},
  code_doi =     {10.5281/zenodo.4673473},
  code_swh =     {swh:1:dir:7c7cee4b1c4dc7dfa46b4b4bf5c3b8b20deb5b26},
  data_url =     {},
  data_doi =     {},
  review_url =   {https://openreview.net/forum?id=Zszk4rXgesL},
  type =         {Replication},
  language =     {Python},
  domain =       {ML Reproducibility Challenge 2020},
  keywords =     {Hamiltonian, generative network, variational, python, pytorch}
}