% Original paper
@InProceedings{Singh_2020_CVPR,
    author = {Singh, Krishna Kumar and Mahajan, Dhruv and Grauman, Kristen and Lee, Yong Jae and Feiszli, Matt and Ghadiyaram, Deepti},
    title = {Don't Judge an Object by Its Context: Learning to Overcome Contextual Bias},
    booktitle = {Conference on Computer Vision and Pattern Recognition (CVPR)},
    year = {2020}
}

% Datasets
@inproceedings{imagenet_cvpr09,
    AUTHOR = {Deng, Jia and Dong, Wei and Socher, Richard and Li, Li-Jia and Li, Kai and Fei-Fei, Li},
    TITLE = {{ImageNet}: A Large-Scale Hierarchical Image Database},
    BOOKTITLE = {Conference on Computer Vision and Pattern Recognition (CVPR)},
    YEAR = {2009},
    BIBSOURCE = "http://www.image-net.org/papers/imagenet_cvpr09.bib"
}

@INPROCEEDINGS{caesar2018cvpr,
  title={{COCO-Stuff: Thing and Stuff Classes in Context}},
  author={Caesar, Holger and Uijlings, Jasper and Ferrari, Vittorio},
  booktitle={Conference on Computer Vision and Pattern Recognition (CVPR)},
  year={2018}
}

@inproceedings{liuLQWTcvpr16DeepFashion,
 author = {Liu, Ziwei and Luo, Ping and Qiu, Shi and Wang, Xiaogang and Tang, Xiaoou},
 title = {{DeepFashion}: Powering Robust Clothes Recognition and Retrieval with Rich Annotations},
 booktitle = {Conference on Computer Vision and Pattern Recognition (CVPR)},
 year = {2016} 
 }
 
@ARTICLE{AwA,
  author={Yongqin {Xian} and Christoph H. {Lampert} and Bernt {Schiele} and Zeynep {Akata}},
  journal={IEEE Transactions on Pattern Analysis and Machine Intelligence (TPAMI)}, 
  title={Zero-Shot Learningâ€”A Comprehensive Evaluation of the Good, the Bad and the Ugly}, 
  year={2019},
  doi={10.1109/TPAMI.2018.2857768}
 }

@InProceedings{Peyre17,
    author      = "Peyre, Julia and Laptev, Ivan and Schmid, Cordelia and Sivic, Josef",
    title       = "Weakly-Supervised Learning of Visual Relations",
    booktitle   = "International Conference on Computer Vision (ICCV)",
    year        = "2017"
}

@InProceedings{COCO,
    author = {Lin, Tsung-Yi and Maire, Michael and Belongie, Serge and Hays, James and Perona, Pietro and Ramanan, Deva and Dollar, Piotr and Zitnick, Larry},
    title = {Microsoft {COCO}: Common Objects in Context},
    booktitle = {European Conference on Computer Vision (ECCV)},
    year = {2014},
    url = {https://www.microsoft.com/en-us/research/publication/microsoft-coco-common-objects-in-context/},
}



% Other papers
@INPROCEEDINGS{He2015,
  author={K. {He} and X. {Zhang} and S. {Ren} and J. {Sun}},
  booktitle={Conference on Computer Vision and Pattern Recognition (CVPR)}, 
  title={Deep Residual Learning for Image Recognition}, 
  year={2016},
  doi={10.1109/CVPR.2016.90}}

@article{zhou2015cnnlocalization,
  title={Learning Deep Features for Discriminative Localization},
  author={Zhou, Bolei and Khosla, Aditya and Lapedriza, Agata and Oliva, Aude and Torralba, Antonio},
  journal={Conference on Computer Vision and Pattern Recognition (CVPR)},
  year={2016}
}

@InProceedings{Cui_2019_CVPR,
    author = {Cui, Yin and Jia, Menglin and Lin, Tsung-Yi and Song, Yang and Belongie, Serge},
    title = {Class-Balanced Loss Based on Effective Number of Samples},
    booktitle = {Conference on Computer Vision and Pattern Recognition (CVPR)},
    year = {2019}
}

@InProceedings{Jayaraman_2014_CVPR,
    author = {Jayaraman, Dinesh and Sha, Fei and Grauman, Kristen},
    title = {Decorrelating Semantic Visual Attributes by Resisting the Urge to Share},
    booktitle = {Conference on Computer Vision and Pattern Recognition (CVPR)},
    year = {2014}
}

@inproceedings{zhao_MALS_EMNLP2017,
    title = "Men Also Like Shopping: Reducing Gender Bias Amplification using Corpus-level Constraints",
    author = "Zhao, Jieyu  and
      Wang, Tianlu  and
      Yatskar, Mark  and
      Ordonez, Vicente  and
      Chang, Kai-Wei",
    booktitle = "Conference on Empirical Methods in Natural Language Processing (EMNLP)",
    year = "2017",
}
