@Article {Sinha:2021,
  author =       {Koustuv Sinha and Jesse Dodge and Sasha Luccioni and Jessica Zosa Forde and Robert Stojnic and Joelle Pineau},
  title =        {{ML Reproducibility Challenge 2020}},
  journal =      {ReScience C},
  year =         {2021},
  month =        {5},
  volume =       {7},
  number =       {2},
  pages =        {{#1}},
  doi =          {10.5281/zenodo.4833117},
  url =          {https://zenodo.org/record/4833117/files/article.pdf},
  code_url =     {},
  code_doi =     {},
  code_swh =     {},
  data_url =     {},
  data_doi =     {},
  review_url =   {},
  type =         {Editorial},
  language =     {},
  domain =       {},
  keywords =     {machine learning, neurips, reproducibility challenge}
}