@Article {Albanis:2021,
  author =       {Georgios Albanis and Nikolaos Zioulis and Anargyros Chatzitofis and Anastasios Dimou and Dimitrios Zarpalas and Petros Daras},
  title =        {{[Re] On end-to-end 6{DoF} object pose estimation and robustness to object scale}},
  journal =      {ReScience C},
  year =         {2021},
  month =        {5},
  volume =       {7},
  number =       {2},
  pages =        {{#2}},
  doi =          {10.5281/zenodo.4833219},
  url =          {https://zenodo.org/record/4833219/files/article.pdf},
  code_url =     {https://github.com/tzole1155/EndToEndObjectPose},
  code_doi =     {},
  code_swh =     {swh:1:dir:5e754c06b0dac970857b31733766fb9a268edee6},
  data_url =     {https://vcl3d.github.io/UAVA/},
  data_doi =     {10.5281/zenodo.3994337},
  review_url =   {https://openreview.net/forum?id=PCpGvUrwfQB},
  type =         {Replication},
  language =     {Python},
  domain =       {ML Reproducibility Challenge 2020},
  keywords =     {rescience c, rescience x , python, pytorch, object pose estimation}
}