@Article {Deprez:2021,
  author =       {Hidde Lekanne gezegd Deprez and Geerten Rijsdijk and Bart de Rooij and Wouter Zwerink},
  title =        {{[Re] Reproducing 'Identifying through flows for recovering latent representations'}},
  journal =      {ReScience C},
  year =         {2021},
  month =        {5},
  volume =       {7},
  number =       {2},
  pages =        {{#17}},
  doi =          {10.5281/zenodo.4835150},
  url =          {https://zenodo.org/record/4835150/files/article.pdf},
  code_url =     {https://github.com/HiddeLekanne/Reproducibility-Challenge-iFlow},
  code_doi =     {10.5281/zenodo.4704869},
  code_swh =     {swh:1:dir:a08aac73d57611c3d2abc0a55437d7bae40d02f7},
  data_url =     {},
  data_doi =     {},
  review_url =   {https://openreview.net/forum?id=8jmIpypMzE},
  type =         {Replication},
  language =     {Python 3},
  domain =       {ML Reproducibility Challenge 2020},
  keywords =     {identifiability, iFlow, iVAE, Normalizing Flows, Python 3},
  note = note = "new version with corrected page/article number. original DOI was 10.5281/zenodo.4835150"
