@Article {Bouwman:2021,
  author =       {Pieter Bouwman and Yun Li and Rogier van der Weerd and Frank Verhoef},
  title =        {{[Re] Reproducibility study - Does enforcing diversity in hidden states of LSTM-Attention models improve transparency?}},
  journal =      {ReScience C},
  year =         {2021},
  month =        {5},
  volume =       {7},
  number =       {2},
  pages =        {{#22}},
  doi =          {10.5281/zenodo.4835592},
  url =          {https://zenodo.org/record/4835592/files/article.pdf},
  code_url =     {https://github.com/MotherOfUnicorns/FACT_AI_project},
  code_doi =     {},
  code_swh =     {swh:1:dir:19a8073757cc142f8f50eb44014aca87cad0b8bf},
  data_url =     {},
  data_doi =     {},
  review_url =   {https://openreview.net/forum?id=lE0wqKGROKa},
  type =         {Replication},
  language =     {Python},
  domain =       {ML Reproducibility Challenge 2020},
  keywords =     {Attention, NLP, Transparency, Explainability, Faithfulness, Plausibility, Reproducibility, LSTM, ReScience}
}