@misc{park2020learning,
      title={Learning Memory-guided Normality for Anomaly Detection}, 
      author={Hyunjong Park and Jongyoun Noh and Bumsub Ham},
      year={2020},
      eprint={2003.13228},
      archivePrefix={arXiv},
      primaryClass={cs.CV}
}
@INPROCEEDINGS{6739466,
  author={H. {Guo} and X. {Wu} and N. {Li} and R. {Fu} and G. {Liang} and W. {Feng}},
  booktitle={2013 IEEE International Conference on Robotics and Biomimetics (ROBIO)}, 
  title={Anomaly detection and localization in crowded scenes using short-term trajectories}, 
  year={2013},
  volume={},
  number={},
  pages={245-249},
  doi={10.1109/ROBIO.2013.6739466}}
@misc{ronneberger2015unet,
      title={U-Net: Convolutional Networks for Biomedical Image Segmentation}, 
      author={Olaf Ronneberger and Philipp Fischer and Thomas Brox},
      year={2015},
      eprint={1505.04597},
      archivePrefix={arXiv},
      primaryClass={cs.CV}
}
@INPROCEEDINGS{6751449,
  author={C. {Lu} and J. {Shi} and J. {Jia}},
  booktitle={2013 IEEE International Conference on Computer Vision}, 
  title={Abnormal Event Detection at 150 FPS in MATLAB}, 
  year={2013},
  volume={},
  number={},
  pages={2720-2727},
  doi={10.1109/ICCV.2013.338}}
@article{Luo2017ARO,
  title={A Revisit of Sparse Coding Based Anomaly Detection in Stacked RNN Framework},
  author={Weixin Luo and W. Liu and Shenghua Gao},
  journal={2017 IEEE International Conference on Computer Vision (ICCV)},
  year={2017},
  pages={341-349}
}
@INPROCEEDINGS{Weinberger06distancemetric,
    author = {Kilian Q. Weinberger and John Blitzer and Lawrence K. Saul},
    title = {Distance metric learning for large margin nearest neighbor classification},
    booktitle = {In NIPS},
    year = {2006},
    publisher = {MIT Press}
}
@misc{kingma2014autoencoding,
      title={Auto-Encoding Variational Bayes}, 
      author={Diederik P Kingma and Max Welling},
      year={2014},
      eprint={1312.6114},
      archivePrefix={arXiv},
      primaryClass={stat.ML}
}