@inproceedings{socher2013recursive,
  title={Recursive deep models for semantic compositionality over a sentiment treebank},
  author={Socher, Richard and Perelygin, Alex and Wu, Jean and Chuang, Jason and Manning, Christopher D and Ng, Andrew Y and Potts, Christopher},
  booktitle={Proceedings of the 2013 conference on empirical methods in natural language processing},
  pages={1631--1642},
  year={2013}
}

@article{paszke2019pytorch,
  title={Pytorch: An imperative style, high-performance deep learning library},
  author={Paszke, Adam and Gross, Sam and Massa, Francisco and Lerer, Adam and Bradbury, James and Chanan, Gregory and Killeen, Trevor and Lin, Zeming and Gimelshein, Natalia and Antiga, Luca and others},
  journal={arXiv preprint arXiv:1912.01703},
  year={2019}
}

@article{falcon2019pytorch,
title={PyTorch Lightning},
author={Falcon, WA},
journal={GitHub. Note: https://github.com/PyTorchLightning/pytorch-lightning},
volume={3},
year={2019}
}

@article{hochreiter1997long,
title={Long short-term memory},
author={Hochreiter, Sepp and Schmidhuber, J{\"u}rgen},
journal={Neural computation},
volume={9},
number={8},
pages={1735--1780},
year={1997},
publisher={MIT Press}
}

@inproceedings{hu2017toward,
  title={Toward controlled generation of text},
  author={Hu, Zhiting and Yang, Zichao and Liang, Xiaodan and Salakhutdinov, Ruslan and Xing, Eric P},
  booktitle={International Conference on Machine Learning},
  pages={1587--1596},
  year={2017},
  organization={PMLR}
}

@misc{oshaughnessy2020generative,
     title={Generative causal explanations of black-box classifiers}, 
     author={Matthew O'Shaughnessy and Gregory Canal and Marissa Connor and Mark Davenport and Christopher Rozell},
     year={2020},
     eprint={2006.13913},
     archivePrefix={arXiv},
     primaryClass={cs.LG}
}

@article{carvalho2019machine,
  title={Machine learning interpretability: A survey on methods and metrics},
  author={Carvalho, Diogo V and Pereira, Eduardo M and Cardoso, Jaime S},
  journal={Electronics},
  volume={8},
  number={8},
  pages={832},
  year={2019},
  publisher={Multidisciplinary Digital Publishing Institute}
}

@article{loyola2019black,
  title={Black-box vs. white-box: Understanding their advantages and weaknesses from a practical point of view},
  author={Loyola-Gonzalez, Octavio},
  journal={IEEE Access},
  volume={7},
  pages={154096--154113},
  year={2019},
  publisher={IEEE}
}

@article{moradi2021post,
  title={Post-hoc explanation of black-box classifiers using confident itemsets},
  author={Moradi, Milad and Samwald, Matthias},
  journal={Expert Systems with Applications},
  volume={165},
  pages={113941},
  year={2021},
  publisher={Elsevier}
}

@inproceedings{gundersen2018state,
  title={State of the art: Reproducibility in artificial intelligence},
  author={Gundersen, Odd Erik and Kjensmo, Sigbj{\o}rn},
  booktitle={Proceedings of the AAAI Conference on Artificial Intelligence},
  volume={32},
  number={1},
  year={2018}
}

@misc{kingma2014autoencoding,
      title={Auto-Encoding Variational Bayes}, 
      author={Diederik P Kingma and Max Welling},
      year={2014},
      eprint={1312.6114},
      archivePrefix={arXiv},
      primaryClass={stat.ML}
}

@article{xiao2017fashion,
  title={Fashion-mnist: a novel image dataset for benchmarking machine learning algorithms},
  author={Xiao, Han and Rasul, Kashif and Vollgraf, Roland},
  journal={arXiv preprint arXiv:1708.07747},
  year={2017}
}

@article{lecun1998mnist,
  title={The MNIST database of handwritten digits},
  author={LeCun, Yann},
  journal={http://yann. lecun. com/exdb/mnist/},
  year={1998}
}

@misc{he2019lagging,
      title={Lagging Inference Networks and Posterior Collapse in Variational Autoencoders}, 
      author={Junxian He and Daniel Spokoyny and Graham Neubig and Taylor Berg-Kirkpatrick},
      year={2019},
      eprint={1901.05534},
      archivePrefix={arXiv},
      primaryClass={cs.LG}
}

@article {Hutson725,
	author = {Hutson, Matthew},
	title = {Artificial intelligence faces reproducibility crisis},
	volume = {359},
	number = {6377},
	pages = {725--726},
	year = {2018},
	doi = {10.1126/science.359.6377.725},
	publisher = {American Association for the Advancement of Science},
	issn = {0036-8075},
	URL = {https://science.sciencemag.org/content/359/6377/725},
	eprint = {https://science.sciencemag.org/content/359/6377/725.full.pdf},
	journal = {Science}
}
